@inproceedings{raffel2015large,
  title={Large-Scale Content-Based Matching of {MIDI} and Audio Files},
  author={Raffel, Colin and Ellis, Daniel P. W.},
  year={2015},
  booktitle={Proceedings of the 16th International Society for Music Information Retrieval Conference}
}

